@INPROCEEDINGS{Li2010,
  title={Personalized feed recommendation service for social networks},
  author={Li, Huajing and Tian, Yuan and Lee, Wang-Chien and Giles, C Lee and Chen, Meng-Chang},
  booktitle={Social Computing (SocialCom), 2010 IEEE Second International Conference on},
  pages={96--103},
  year={2010},
  organization={IEEE}
}

@INPROCEEDINGS{Bur2013,
  title={Leveraging Noisy Lists for Social Feed Ranking.},
  author={Burgess, Matthew and Mazzia, Alessandra and Adar, Eytan and Cafarella, Michael J},
  booktitle={ICWSM},
  year={2013}
}

@INPROCEEDINGS{Aga2014,
  title={Activity ranking in LinkedIn feed},
  author={Agarwal, Deepak and Chen, Bee-Chung and Gupta, Rupesh and Hartman, Joshua and He, Qi and Iyer, Anand and Kolar, Sumanth and Ma, Yiming and Shivaswamy, Pannagadatta and Singh, Ajit and others},
  booktitle={Proceedings of the 20th ACM SIGKDD international conference on Knowledge discovery and data mining},
  pages={1603--1612},
  year={2014},
  organization={ACM}
}
