@BOOK{Sid99,
   AUTHOR = {Charles H. Sides},
   YEAR = {1999},
   TITLE = {How to Write \& Present Technical Information},
   EDITION = {3rd},
   ADDRESS = {Cambridge},
   PUBLISHER = {Cambridge University Press}   }

@BOOK{StrWhi79,
   AUTHOR = {Strunk Jr., William and E. B. White},
   YEAR = {1979},
   TITLE = {The Elements of Style},
   EDITION = {3rd},
   ADDRESS = {New York},
   PUBLISHER = {Macmillan Publishing Co.}   }

@BOOK{Coo64,
   author={Bruce M. Cooper},
   title={Writing Technical Reports},
   publisher={Penguin Books},
   year={1964},
   address={Middlesex}}

@MISC{Noo05,
   author={Saeid Nooshabadi},
   title={Bachelor of Engineering Thesis and Project:
      timetable and notes for students},
   howpublished={http://\hspace{0cm}\relax
      scoff.ee.unsw.edu.au/\hspace{0cm}document/\hspace{0cm}\relax
      thesis/\hspace{0cm}thnotes2.pdf, accessed 14/11/2005},
   year={2005},
   note={School of El.\ Eng.\ and Telecom., UNSW} }

@MISC{She05,
   author={John Shepherd},
   title={Doing a CSE Thesis},
   howpublished={http://\hspace{0cm}\relax
      www.cse.unsw.edu.au/\hspace{0cm}\~{}jas/talks/\hspace{0cm}\relax
      thesis/, accessed 14/11/2005},
   year={2005},
   note={School of Comp.\ Sci.\ and Eng., UNSW} }

@ARTICLE{NieLeh03,
   AUTHOR = {Jannik Hammel Nielsen and Torsten Lehmann},
   YEAR = {2003},
   TITLE = {An Implantable {CMOS} Amplifier for Nerve Signals},
   JOURNAL = {Analog Integrated Circuits and Signal Processing},
   VOLUME = {36},
   NUMBER = {1--2},
   MONTH = {July-August},
   PAGES = {153--164}  }

@INPROCEEDINGS{HasLehKwo05,
   AUTHOR = {Tawfique Hasan and Torsten Lehmann and Chee Yee Kwok},
   YEAR = {2005},
   TITLE = {A 5{V} Charge Pump in a Standard 1.8{V} 0.8{$\mu$m} {CMOS}
                Process},
   BOOKTITLE = {{IEEE} International Symposium on Circuits and Systems},
   PAGES = {1899-1902},
   ADDRESS = {Kobe, Japan} }

@MISC{GRS14,
   author={GRS},
   title={Thesis Format Guide: A guide for candidates preparing to submit their thesis for examination},
   howpublished={https://\hspace{0cm}\relax 
      research.unsw.edu.au/\hspace{0cm}\relax       
      document/\hspace{0cm}\relax 
      thesis\_format\_guide.pdf\hspace{0cm}\relax, accessed 14/04/2015},
   year={2014},
   note={Graduate Research School, UNSW} }

@INPROCEEDINGS{LiTiaLee2010,
  title={Personalized feed recommendation service for social networks},
  author={Li, Huajing and Tian, Yuan and Lee, Wang-Chien and Giles, C Lee and Chen, Meng-Chang},
  booktitle={Social Computing (SocialCom), 2010 IEEE Second International Conference on},
  pages={96--103},
  year={2010},
  organization={IEEE}
}

@INPROCEEDINGS{Bur2013,
  title={Leveraging Noisy Lists for Social Feed Ranking.},
  author={Burgess, Matthew and Mazzia, Alessandra and Adar, Eytan and Cafarella, Michael J},
  booktitle={ICWSM},
  year={2013}
}

@INPROCEEDINGS{Aga2014,
  title={Activity ranking in LinkedIn feed},
  author={Agarwal, Deepak and Chen, Bee-Chung and Gupta, Rupesh and Hartman, Joshua and He, Qi and Iyer, Anand and Kolar, Sumanth and Ma, Yiming and Shivaswamy, Pannagadatta and Singh, Ajit and others},
  booktitle={Proceedings of the 20th ACM SIGKDD international conference on Knowledge discovery and data mining},
  pages={1603--1612},
  year={2014},
  organization={ACM}
}

@article{nadkarni2012people,
  title={Why do people use Facebook?},
  author={Nadkarni, Ashwini and Hofmann, Stefan G},
  journal={Personality and individual differences},
  volume={52},
  number={3},
  pages={243--249},
  year={2012},
  publisher={Elsevier}
}

@article{clemmensen2004four,
  title={Four approaches to user modelling-a qualitative research interview study of HCI professionals' practice},
  author={Clemmensen, Torkil},
  journal={Interacting with computers},
  volume={16},
  number={4},
  pages={799--829},
  year={2004},
  publisher={Oxford University Press}
}

@article{bonds2010myspace,
  title={MySpace and Facebook: Identifying dimensions of uses and gratifications for friend networking sites},
  author={Bonds-Raacke, Jennifer and Raacke, John},
  journal={Individual Differences Research},
  volume={8},
  number={1},
  pages={27--33},
  year={2010}
}

@book{szomszor2008semantic,
  title={Semantic modelling of user interests based on cross-folksonomy analysis},
  author={Szomszor, Martin and Alani, Harith and Cantador, Ivan and Oâ€™Hara, Kieron and Shadbolt, Nigel},
  year={2008},
  publisher={Springer}
}

@misc{statistica2015facebook,
author={Statista,},
title={Global Social Networks by Users 2015 | Statistic},
url={http://www.statista.com/statistics/264810/number-of-monthly-active-facebook-users-worldwide/},
urldate={2015-10-20},
year={2015}
}
